<record><leader>00000cas a2200000 a 4500</leader><controlfield tag="001">16770246</controlfield><controlfield tag="008">870928d19051969iluir ne      0   a0eng  </controlfield><datafield ind1=" " ind2=" " tag="010"><subfield code="a">sn 87062373 </subfield></datafield><datafield ind1=" " ind2=" " tag="040"><subfield code="a">DLC</subfield><subfield code="b">eng</subfield><subfield code="c">DLC</subfield><subfield code="d">NVF</subfield><subfield code="d">CVF</subfield><subfield code="d">NVF</subfield><subfield code="d">OCLCQ</subfield><subfield code="d">OCLCO</subfield><subfield code="d">OCLCF</subfield><subfield code="d">NVF</subfield></datafield><datafield ind1=" " ind2=" " tag="042"><subfield code="a">pcc</subfield></datafield><datafield ind1=" " ind2=" " tag="043"><subfield code="a">n-us-il</subfield></datafield><datafield ind1="0" ind2="0" tag="050"><subfield code="a">Newspaper</subfield></datafield><datafield ind1="0" ind2=" " tag="130"><subfield code="a">Palatine enterprise (Palatine, Ill.)</subfield></datafield><datafield ind1="1" ind2="0" tag="245"><subfield code="a">Palatine enterprise.</subfield></datafield><datafield ind1=" " ind2=" " tag="260"><subfield code="a">Palatine, Ill. :</subfield><subfield code="b">H.C. Paddock &amp; Son,</subfield><subfield code="c">1905-1969.</subfield></datafield><datafield ind1=" " ind2=" " tag="300"><subfield code="a">v.</subfield></datafield><datafield ind1=" " ind2=" " tag="310"><subfield code="a">Triweekly,</subfield><subfield code="b">Mar. 1, 1967-Mar. 14, 1969</subfield></datafield><datafield ind1=" " ind2=" " tag="321"><subfield code="a">Weekly,</subfield><subfield code="b">Sept. 8, 1905-Feb. 24, 1967</subfield></datafield><datafield ind1="0" ind2=" " tag="362"><subfield code="a">Vol. 26, no. 10 (Sept. 8, 1905)-92nd year, [no.] 29 (Mar. 14, 1969).</subfield></datafield><datafield ind1=" " ind2=" " tag="515"><subfield code="a">Continues the vol. numbering of Enterprise-register (Palatine, Ill.).</subfield></datafield><datafield ind1=" " ind2="0" tag="651"><subfield code="a">Palatine (Ill.)</subfield><subfield code="v">Newspapers.</subfield></datafield><datafield ind1=" " ind2="7" tag="651"><subfield code="a">Illinois</subfield><subfield code="z">Palatine.</subfield><subfield code="2">fast</subfield><subfield code="0">(OCoLC)fst01226737</subfield></datafield><datafield ind1=" " ind2="7" tag="655"><subfield code="a">Newspapers.</subfield><subfield code="2">fast</subfield><subfield code="0">(OCoLC)fst01423814</subfield></datafield><datafield ind1=" " ind2=" " tag="752"><subfield code="a">United States</subfield><subfield code="b">Illinois</subfield><subfield code="c">Cook County</subfield><subfield code="d">Palatine.</subfield></datafield><datafield ind1="0" ind2="0" tag="780"><subfield code="t">Enterprise-register (Palatine, Ill.)</subfield><subfield code="w">(DLC)sn2003060714</subfield><subfield code="w">(OCoLC)51917653</subfield></datafield><datafield ind1="0" ind2="0" tag="785"><subfield code="t">Palatine herald (Palatine, Ill.)</subfield><subfield code="w">(DLC)sn 94054517</subfield><subfield code="w">(OCoLC)30836760</subfield></datafield><datafield ind1="1" ind2=" " tag="029"><subfield code="a">AU@</subfield><subfield code="b">000020473226</subfield></datafield></record>